<?xml version="1.0" encoding="UTF-8"?><collection xmlns="http://www.loc.gov/MARC21/slim"><record><leader>00386nam--2200133-i-4500</leader><controlfield tag="001">000034095</controlfield><controlfield tag="002">20161230</controlfield><controlfield tag="005">20161230201039</controlfield><controlfield tag="008">060222s1000------------r-----000-0-eng-d</controlfield><datafield ind1=" " ind2=" " tag="080"><subfield code="a">539.172.3(083):538.9(016)</subfield></datafield><datafield ind1=" " ind2=" " tag="245"><subfield code="a">Mossbauer effect data index.covering the 1969. literature</subfield></datafield><datafield ind1=" " ind2=" " tag="260"><subfield code="a">London, Adam Hilger, 1970</subfield></datafield><datafield ind1=" " ind2=" " tag="700"><subfield code="a">Stevens, John G.And Stevens, Virginia E</subfield></datafield><datafield ind1=" " ind2=" " tag="852"><subfield code="a">D.1275</subfield></datafield></record></collection>